% HARDNESS

@article{alimonti2000some,
  title={Some APX-completeness results for cubic graphs},
  author={Alimonti, Paola and Kann, Viggo},
  journal={Theoretical Computer Science},
  volume={237},
  number={1},
  pages={123--134},
  year={2000},
  publisher={Elsevier}
}

@article{garey1977rectilinear,
  title={The Rectilinear Steiner Tree Problem is NP-complete},
  author={Garey, Michael R and Johnson, David S.},
  journal={SIAM Journal on Applied Mathematics},
  volume={32},
  number={4},
  pages={826--834},
  year={1977},
  publisher={SIAM}
}

% SUPPORT WORK
@book{vazirani2001approximation,
author = {Vazirani, Vijay V.},
 title = {Approximation algorithms},
 year = {2001},
 isbn = {3-540-65367-8},
 publisher = {Springer-Verlag New York, Inc.},
 address = {New York, NY, USA},
 }
 
 @article{rajagopalan1998primal,
  title={Primal-dual {RNC} approximation algorithms for set cover and covering integer programs},
  author={Rajagopalan, Sridhar and Vazirani, Vijay V},
  journal={SIAM Journal on Computing},
  volume={28},
  number={2},
  pages={525--540},
  year={1998},
  publisher={SIAM}
}

@inproceedings{dean04mapreduce,
author = {Dean, Jeffrey and Ghemawat, Sanjay},
booktitle = {OSDI'04: Sixth Symposium on Operating System Design and Implementation},
pages = {1--13},
title = {{MapReduce: {Simplified} data processing on large clusters}},
year = {2004}
}

% GENERALIZATION

@article{weibel1999generalising,
author = {Weibel, Robert and Dutton, Geoffrey},
journal = {Geographical information systems},
pages = {125--155},
publisher = {Wiley New York},
title = {{Generalising spatial data and dealing with multiple representations}},
volume = {1},
year = {1999}
}

% constraint based generalization

@article{harrie2007modelling,
  title={Modelling the overall process of generalisation},
  author={Harrie, Lars and Weibel, Robert},
  journal={Generalisation of geographic information: cartographic modelling and applications},
  pages={67--88},
  year={2007},
  publisher={Elsevier}
}

@article{harrie1999constraint,
author = {Harrie, Lars},
issn = {1523-0406},
journal = {Cartography and Geographic Information Science},
month = jan,
number = {1},
pages = {55--69},
publisher = {Taylor \& Francis},
title = {{The constraint method for solving spatial conflicts in cartographic generalization}},
volume = {26},
year = {1999}
}


% Ladder/star approach

@article{foerster2010challenges,
  title={Challenges for automated generalisation at European mapping agencies: a qualitative and quantitative analysis},
  author={Foerster, Theodor and Stoter, Jantien and Kraak, Menno-Jan},
  journal={Cartographic Journal, The},
  volume={47},
  number={1},
  pages={41--54},
  year={2010},
  publisher={Maney Publishing}
}
 
% REQUIREMENTS AND MOTIVATION

@inproceedings{cohen2011journalism,
author = {Cohen, Sarah},
booktitle = {Proc. Fifth Biennial Conference on Innovative Data
               Systems Research, CIDR 2011},
pages = {148--151},
title = {Computational Journalism: {A} Call to Arms to Database Researchers},
year = {2011}
}

@inproceedings{sankaranarayanan2009twitterstand,
author = {Sankaranarayanan, Jagan and Samet, Hanan and Teitler, Benjamin E and Lieberman, Michael D and Sperling, Jon},
booktitle = {Proc. 17th ACM SIGSPATIAL International Conference on Advances in Geographic Information Systems},
isbn = {9781605586496},
organization = {ACM},
pages = {42--51},
title = {{Twitterstand: news in tweets}},
year = {2009}
}

@inproceedings{samet2012duking,
author = {Samet, Hanan and Fruin, Brendan C and Nutanong, Sarana},
booktitle = {Proc. First ACM SIGSPATIAL International Workshop on Mobile Geographic Information Systems},
organization = {ACM},
pages = {41--48},
title = {{Duking it out at the smartphone mobile app mapping api corral: {Apple}, {Google}, and the competition}},
year = {2012}
}

@article{meliou2011reverse,
author = {Meliou, Alexandra and Gatterbauer, Wolfgang and Suciu, Dan},
journal = {Proc. VLDB Endowment},
number = {12},
title = {{Reverse data management}},
volume = {4},
year = {2011}
}

@article{rieger1993consensus,
author = {Rieger, Monika K and Coulson, Michael R C},
journal = {Cartographica: The International Journal for Geographic Information and Geovisualization},
number = {2},
pages = {69--80},
publisher = {UT Press},
title = {{Consensus or Confusion: {Cartographers'} Knowledge of Generalization}},
volume = {30},
year = {1993}
}

% TRADITIONAL GENERALIZATION

@misc{sld,
  author = {Open Geospatial Consortium},
  title = {{Styled Layer Descriptor}},
  howpublished = "\url{http://www.opengeospatial.org/standards/sld}",
  year = {2007}, 
  note = "[Online; accessed 18-July-2013]"
}

@misc{mapnik,
  author = {Artem Pavlenko},
  title = {{Mapnik}},
  howpublished = "\url{http://mapnik.org/}",
  year = {2011}, 
  note = "[Online; accessed 18-July-2013]"
}

@article{gruenreich1985cag,
author = {Gruenreich, Dietmar},
journal = {Papers CERCO Cartography course},
title = {{Computer-Assisted Generalisation}},
year = {1985}
}

@article{brassel1988generalization,
author = {Brassel, Kurt E and Weibel, Robert},
doi = {10.1080/02693798808927898},
journal = {International journal of geographical information systems},
number = {3},
pages = {229--244},
title = {{A review and conceptual framework of automated map generalization}},
url = {http://www.tandfonline.com/doi/abs/10.1080/02693798808927898},
volume = {2},
year = {1988}
}


@book{international73multilingual,
  title={Multilingual dictionary of technical terms in cartography},
  author={International Cartographic Association. Commission Definition, Classification and Standardization of Technical Terms in Cartography},
  year={1973},
  publisher={Steiner}
}

@inproceedings{regnauld2006improving,
author = {Regnauld, Nicolas},
booktitle = {Proceedings of ISPRS workshop: multiple representation and interoperability of spatial data},
pages = {1--5},
title = {{Improving efficiency for developing automatic generalisation solutions}},
year = {2006}
}

@misc{bono,
  author = {Dan Gillmor},
  title = {{'Factivism' for every field: why {Bono} is right to want more data and evidence}},
  howpublished = "\url{http://www.guardian.co.uk/commentisfree/2013/feb/28/bono-ted-talk-facktivist-is-way-forward}",
  year = {2013}, 
  note = "The Guardian. [Online; accessed 9-April-2013]"
}

@article{topfer1966principles,
author = {T\"{o}pfer, Friedrich and Pillewizer, W},
journal = {Cartographic Journal, The},
number = {1},
pages = {10--16},
publisher = {Maney Publishing},
title = {{The principles of selection}},
volume = {3},
year = {1966}
}

% RELATED WORK

@article{ordonez10udf, 
author={Ordonez, C.}, 
journal={Knowledge and Data Engineering, IEEE Transactions on}, 
title={Statistical Model Computation with {UDFs}}, 
year={2010}, 
volume={22}, 
number={12}, 
pages={1752-1765}, 
keywords={Bayes methods;SQL;data mining;principal component analysis;regression analysis;relational databases;user interfaces;C++ language;SQL queries;clustering analysis;database management system;linear regression;mathematical complexity;naive Bayes analysis;principal component analysis;statistical model computation;user-defined functions;Aggregates;Algorithm design and analysis;Clustering algorithms;Computational modeling;Data analysis;Data mining;Linear regression;Mathematical model;Multidimensional systems;Principal component analysis;DBMS;SQL;UDF.;statistical model}, 
doi={10.1109/TKDE.2010.44}, 
ISSN={1041-4347},}

@article{hellerstein12madlib,
 author = {Hellerstein, Joseph M. and R{\'e}, Christoper and Schoppmann, Florian and Wang, Daisy Zhe and Fratkin, Eugene and Gorajek, Aleksander and Ng, Kee Siong and Welton, Caleb and Feng, Xixuan and Li, Kun and Kumar, Arun},
 title = {The {MADlib} analytics library: or {MAD} skills, the {SQL}},
 journal = {Proc. VLDB Endow.},
 issue_date = {August 2012},
 volume = {5},
 number = {12},
 month = aug,
 year = {2012},
 issn = {2150-8097},
 pages = {1700--1711},
 numpages = {12},
 url = {http://dl.acm.org/citation.cfm?id=2367502.2367510},
 acmid = {2367510},
 publisher = {VLDB Endowment},
} 

@article{gaffuri12vectortiles,
author = {Gaffuri, Julien},
journal = {Geographic Information Science},
pages = {87--101},
publisher = {Springer},
title = {{Toward Web Mapping with Vector Data}},
year = {2012}
}


@article{hilbert1891ueber,
author = {Hilbert, David},
journal = {Mathematische Annalen},
pages = {459--460},
title = {{\"{U}ber die stetige Abbildung einer Linie auf ein Fl\"{a}chenst\"{u}ck}},
volume = {38},
year = {1891}
}

@article{ware2003generalization_sa,
annote = {Automated map generalization with multiple operators: a simulated annealing approach},
author = {Ware, J. Mark and Jones, Christopher B. and Thomas, Nathan},
isbn = {1365881031000},
issn = {1365-8816},
journal = {International Journal of Geographical Information Science},
month = dec,
number = {8},
pages = {743--769},
title = {{Automated map generalization with multiple operators: a simulated annealing approach}},
url = {http://www.tandfonline.com/doi/abs/10.1080/13658810310001596085},
volume = {17},
year = {2003}
}

@phdthesis{schmid2008automated,
author = {Schmid, Stefan and Of, Valuation},
number = {June},
school = {Geographisches Institut der Universit\{\"{a}\}t Z\{\"{u}\}rich},
title = {{Automated constraint-based evaluation of cartographic generalization solutions}},
year = {2008}
}

@phdthesis{cecconi2003integration,
author = {Cecconi, Alessandro},
school = {Universit\{\"{a}\}t Z\{\"{u}\}rich},
title = {{Integration of cartographic generalization and multi-scale databases for enhanced web mapping}},
year = {2003}
}


@inproceedings{regnauld2006improving,
author = {Regnauld, Nicolas},
booktitle = {Proceedings of ISPRS workshop: multiple representation and interoperability of spatial data},
pages = {1--5},
title = {{Improving efficiency for developing automatic generalisation solutions}},
year = {2006}
}


@inproceedings{haunert2006landcover,
author = {Haunert, Jan-Henrik and Wolff, Alexander},
booktitle = {Proc. 14th annual ACM international symposium on Advances in geographic information systems},
doi = {10.1145/1183471.1183485},
pages = {75--82},
publisher = {ACM},
series = {GIS '06},
title = {{Generalization of land cover maps by mixed integer programming}},
year = {2006}
}

@inproceedings{sarma2012fusiontables,
 author = {Das Sarma, Anish and Lee, Hongrae and Gonzalez, Hector and Madhavan, Jayant and Halevy, Alon},
 title = {Efficient spatial sampling of large geographical tables},
 booktitle = {Proc. 2012 ACM SIGMOD International Conference on Management of Data},
 series = {SIGMOD '12},
 year = {2012},
 pages = {193--204},
 publisher = {ACM}
} 

@inproceedings{nutanong2012multiresolution,
author = {Nutanong, Sarana and Adelfio, Marco D and Samet, Hanan},
booktitle = {Proc. 20th International Conference on Advances in Geographic Information Systems},
organization = {ACM},
pages = {159--168},
title = {{Multiresolution select-distinct queries on large geographic point sets}},
year = {2012}
}

@inproceedings{pathfinder,
 author = {Boncz, Peter and Grust, Torsten and van Keulen, Maurice and Manegold, Stefan and Rittinger, Jan and Teubner, Jens},
 title = {Pathfinder: {XQuery} --- the relational way},
 booktitle = {Proc. 31st international conference on Very large data bases},
 series = {VLDB '05},
 year = {2005},
 isbn = {1-59593-154-6},
 location = {Trondheim, Norway},
 pages = {1322--1325},
 numpages = {4},
 url = {http://dl.acm.org/citation.cfm?id=1083592.1083764},
 acmid = {1083764},
 publisher = {VLDB Endowment}}
} 

@inproceedings{ferry,
 author = {Grust, Torsten and Mayr, Manuel and Rittinger, Jan and Schreiber, Tom},
 title = {{FERRY:} database-supported program execution},
 booktitle = {Proc. 2009 ACM SIGMOD International Conference on Management of data},
 series = {SIGMOD '09},
 year = {2009},
 isbn = {978-1-60558-551-2},
 location = {Providence, Rhode Island, USA},
 pages = {1063--1066},
 numpages = {4},
 url = {http://doi.acm.org/10.1145/1559845.1559982},
 doi = {10.1145/1559845.1559982},
 acmid = {1559982},
 publisher = {ACM},
 address = {New York, NY, USA},
 keywords = {ferry, linq, pathfinder, sql:1999}}
} 


@inproceedings{Guttman1984:RTree,
 author = {Guttman, Antonin},
 title = {R-trees: a dynamic index structure for spatial searching},
 booktitle = {Proc. 1984 ACM SIGMOD international conference on Management of data},
 series = {SIGMOD '84},
 year = {1984},
 pages = {47--57},
 publisher = {ACM}
} 

@inproceedings{Hellerstein1995:GiST,
 author = {Hellerstein, Joseph M. and Naughton, Jeffrey F. and Pfeffer, Avi},
 title = {Generalized Search Trees for Database Systems},
 booktitle = {Proc. 21th International Conference on Very Large Data Bases},
 series = {VLDB '95},
 year = {1995},
 pages = {562--573}}
} 

@inproceedings{Blakeley2008:DotNET,
 author = {Blakeley, Jos{\'e} A. and Rao, Vineet and Kunen, Isaac and Prout, Adam and Henaire, Mat and Kleinerman, Christian},
 title = {{.NET} database programmability and extensibility in {Microsoft SQL} server},
 booktitle = {Proc. 2008 ACM SIGMOD international conference on Management of data},
 series = {SIGMOD '08},
 year = {2008},
 pages = {1087--1098},
 publisher = {ACM}
} 

@inproceedings{Ordonez2007:StatisticsUDFs,
 author = {Ordonez, Carlos},
 title = {Building statistical models and scoring with {UDFs}},
 booktitle = {Proc. 2007 ACM SIGMOD international conference on Management of data},
 series = {SIGMOD '07},
 year = {2007},
 pages = {1005--1016},
 publisher = {ACM}}
} 


@article{Liu:2012:Cologne,
 author = {Liu, Changbin and Ren, Lu and Loo, Boon Thau and Mao, Yun and Basu, Prithwish},
 title = {Cologne: a declarative distributed constraint optimization platform},
 journal = {Proc. VLDB Endow.},
 volume = {5},
 number = {8},
 year = {2012},
 pages = {752--763}
} 


@inproceedings{Aji:2012:HadoopSpatial,
 author = {Aji, Ablimit and Wang, Fusheng and Saltz, Joel H.},
 title = {Towards building a high performance spatial query system for large scale medical imaging data},
 booktitle = {Proc. 20th International Conference on Advances in Geographic Information Systems},
 series = {SIGSPATIAL '12},
 year = {2012},
 pages = {309--318},
 publisher = {ACM}
} 

@article{Aji:2013:HadoopGIS,
 author = {Ablimit Aji and Fusheng Wang and Hoang Vo and Rubao Lee and Qiaoling Liu and Xiaodong Zhang and Joel Saltz},
 title = {{Hadoop-GIS:} {A} Spatial Data Warehousing System Over {MapReduce}},
 journal = {Proc. VLDB Endow.},
 volume = {6},
 number = {11},
 pages = {1009-1020},
 year = {2013}
}

@inproceedings{ArasuRS09:Dedupalog,
author = {Arvind Arasu and Christopher Re and Dan Suciu},
title = {Large-Scale Deduplication with Constraints Using {Dedupalog}},
booktitle ={Proc. 2009 International Conference on Data
               Engineering, ICDE'09},
year = {2009},
pages = {952-963}
}

@inproceedings{BinnigKL07:ReverseQP,
   author = {Carsten Binnig and
               Donald Kossmann and
               Eric Lo},
  title     = {Reverse Query Processing},
  booktitle = {Proc. 2007 IEEE International Conference on Data Engineering, ICDE'07},
  year      = {2007},
  pages     = {506-515}
} 


@inproceedings{Binnig:2007:SymbolicQP,
 author = {Binnig, Carsten and Kossmann, Donald and Lo, Eric and \"{O}zsu, M. Tamer},
 title = {{QAGen:} generating query-aware test databases},
 booktitle = {Proc. 2007 ACM SIGMOD international conference on Management of data},
 series = {SIGMOD '07},
 year = {2007},
 pages = {341--352},
 publisher = {ACM}
} 

@article{gruenreich1992atkis,
author = {Gruenreich, Dietmar},
journal = {From Digital Map Series to Geo-Information Systems, Geologisches Jarhrbuch Series A. Hannover, Germany: Federal Institute of Geosciences and Resources},
title = {{ATKIS --- a topographic information system as a basis for GIS and digital cartography in Germany}},
year = {1992}
}


@inproceedings{shea1989cartographic,
annote = {related work: cartographic generalization},
author = {Shea, K Stuart and McMaster, Robert B},
booktitle = {Proceedings for Auto-Carto},
pages = {56--67},
title = {{Cartographic generalization in a digital environment: When and how to generalize}},
volume = {9},
year = {1989}
}

@article{foerster2008classification,
author = {Foerster, Theodor and Morales, Javier and Stoter, J E},
journal = {Proc. 6th Geographic Information Days},
pages = {141--156},
title = {{A classification of generalisation operators formalised in OCL}},
volume = {32},
year = {2008}
}

@article{frank1994multiscaletree,
annote = {background: visual clutter},
author = {Frank, Andrew U. and Timpf, Sabine},
journal = {Computers and Graphics},
number = {6},
pages = {823--829},
title = {{Multiple representations for cartographic objects in a multi-scale tree - an intelligent graphical zoom.}},
volume = {18},
year = {1994}
}

@article{Hellerstein:2012:Madlib,
 author = {Hellerstein, Joseph M. and R{\'e}, Christoper and Schoppmann, Florian and Wang, Daisy Zhe and Fratkin, Eugene and Gorajek, Aleksander and Ng, Kee Siong and Welton, Caleb and Feng, Xixuan and Li, Kun and Kumar, Arun},
 title = {{The MADlib analytics library: or MAD skills, the SQL}},
 journal = {Proc. VLDB Endow.},
 volume = {5},
 number = {12},
 year = {2012},
 pages = {1700--1711}
} 

@article{Stonebraker:2010:PDBMSvsMapReduce,
 author = {Stonebraker, Michael and Abadi, Daniel and DeWitt, David J. and Madden, Sam and Paulson, Erik and Pavlo, Andrew and Rasin, Alexander},
 title = {MapReduce and parallel DBMSs: friends or foes?},
 journal = {Commun. ACM},
 volume = {53},
 number = {1},
 year = {2010},
 pages = {64--71},
 publisher = {ACM}
} 
