% SYSTEMS/DATABASES

% Pregel: A System for Large-scale Graph Processing
% Cite in graph abstraction chapter
@inproceedings{Malewicz:2010:PSL:1807167.1807184,
address = {New York, NY, USA},
author = {Malewicz, Grzegorz and Austern, Matthew H and Bik, Aart J C and Dehnert, James C and Horn, Ilan and Leiser, Naty and Czajkowski, Grzegorz},
booktitle = {Proceedings of the 2010 ACM SIGMOD International Conference on Management of Data},
doi = {10.1145/1807167.1807184},
isbn = {978-1-4503-0032-2},
pages = {135--146},
publisher = {ACM},
series = {SIGMOD '10},
title = {{Pregel: A System for Large-scale Graph Processing}},
url = {http://doi.acm.org/10.1145/1807167.1807184},
year = {2010}
}


% C-store: a Column-oriented DBMS
% Why cite?
@inproceedings{Stonebraker:2005:CCD:1083592.1083658,
author = {Stonebraker, Mike and Abadi, Daniel J and Batkin, Adam and Chen, Xuedong and Cherniack, Mitch and Ferreira, Miguel and Lau, Edmond and Lin, Amerson and Madden, Sam and O'Neil, Elizabeth and O'Neil, Pat and Rasin, Alex and Tran, Nga and Zdonik, Stan and Neil, Elizabeth O and Neil, Pat O},
booktitle = {Proceedings of the 31st international conference on Very large data bases},
isbn = {1-59593-154-6},
pages = {553--564},
publisher = {VLDB Endowment},
series = {VLDB '05},
title = {{C-store: a Column-oriented DBMS}},
url = {http://dl.acm.org/citation.cfm?id=1083592.1083658},
year = {2005}
}

% PNUTS : Yahoo!Õ s Hosted Data Serving Platform
% Why cite?
@inproceedings{Cooper2008,
author = {Cooper, Brian F and Ramakrishnan, Raghu and Srivastava, Utkarsh and Silberstein, Adam and Bohannon, Philip and Jacobsen, Hans-arno and Puz, Nick and Weaver, Daniel and Yerneni, Ramana},
booktitle = {VLDB},
publisher = {VLDB Endowment},
title = {{PNUTS : Yahoo!Õ s Hosted Data Serving Platform}},
year = {2008}
}

% MapReduce: Simplified data processing on large clusters
% Why cite?
% FIX REFERENCE
@inproceedings{dean04mapreduce,
author = {Dean, Jeffrey and Ghemawat, Sanjay},
booktitle = {OSDI'04: Sixth Symposium on Operating System Design and Implementation},
pages = {1--13},
title = {{MapReduce: Simplified data processing on large clusters}},
year = {2004}
}

% Bigtable: A distributed storage system for structured data
% Why cite?
@article{chang2008bigtable,
author = {Chang, Fay and Dean, Jeffrey and Ghemawat, Sanjay and Hsieh, WC},
journal = {ACM Transactions on},
title = {{Bigtable: A distributed storage system for structured data}},
url = {http://dl.acm.org/citation.cfm?id=1365816},
year = {2008}
}

% Dynamo: Amazon's Highly Available Key-Value Store
% Why cite?
@article{pilchin2007dynamo,
author = {Pilchin, Alex and Sivasubramanian, Swaminathan},
isbn = {9781595935915},
journal = {ACM SIGOPS},
pages = {205--220},
title = {{Dynamo: Amazon's Highly Available Key-Value Store}},
url = {http://dl.acm.org/citation.cfm?id=1294281},
year = {2007}
}

% Life After BerkeleyDB: OpenLDAP's Memory-Mapped Database
% Why cite?
@article{chu2012openldap,
author = {Chu, Howard},
journal = {LinuxCon},
number = {June 2012},
title = {{Life After BerkeleyDB: OpenLDAP's Memory-Mapped Database}},
year = {2012}
}

% HIGH AVAILABILITY SYSTEMS

@inproceedings{birman2004highavailability,
address = {Washington, DC, USA},
author = {Birman, Ken and van Renesse, Robbert and Vogels, Werner},
booktitle = {Proceedings of the 26th International Conference on Software Engineering},
isbn = {0-7695-2163-0},
pages = {17--26},
publisher = {IEEE Computer Society},
series = {ICSE '04},
title = {{Adding High Availability and Autonomic Behavior to Web Services}},
year = {2004}
}

@inproceedings{astrova2010esb,
address = {New York, New York, USA},
author = {Astrova, Irina and Koschel, Arne and Kruessmann, Tobias},
booktitle = {Proceedings of the 2010 ACM Symposium on Applied Computing - SAC '10},
doi = {10.1145/1774088.1774605},
isbn = {9781605586397},
pages = {2495--2496},
publisher = {ACM Press},
title = {{Comparison of enterprise service buses based on their support of high availability}},
year = {2010}
}


@inproceedings{sovran2011georeplicated,
address = {New York, NY, USA},
author = {Sovran, Yair and Power, Russell and Aguilera, Marcos K. and Li, Jinyang},
booktitle = {Proceedings of the Twenty-Third ACM Symposium on Operating Systems Principles},
doi = {10.1145/2043556.2043592},
isbn = {978-1-4503-0977-6},
pages = {385--400},
publisher = {ACM},
series = {SOSP '11},
title = {{Transactional storage for geo-replicated systems}},
year = {2011}
}

@article{trencseni2010keyspace,
author = {Trencseni, Marton and Gazso, Attila},
journal = {Scalien},
pages = {1--9},
title = {{Keyspace: A Consistently Replicated, Highly-Available Key-Value Store}},
url = {http://final-project-hum.googlecode.com/svn-history/r24/trunk/refer/references/Keyspace.pdf},
year = {2010}
}

@article{ford2010globalstorage,
author = {Ford, Daniel and Labelle, F and Popovici, FI},
journal = {on Operating Systems},
title = {{Availability in globally distributed storage systems}},
year = {2010}
}


% COMPARISONS BETWEEN SYSTEMS: RDBMS, MAP-REDUCE, KEYVALUE

@inproceedings{pavlo2009comparison,
author = {Pavlo, Andrew and Paulson, Erik and Rasin, Alexander and Abadi, Daniel J and DeWitt, David J and Madden, Samuel and Stonebraker, Michael and Csail, M I T},
booktitle = {Proceedings of the 35th SIGMOD international conference on Management of data},
isbn = {9781605585512},
keywords = {comparison,mapreduce,olap,paralleldatabases,pass0},
organization = {ACM},
pages = {165--178},
title = {{A comparison of approaches to large-scale data analysis}},
year = {2009}
}

@article{stonebraker2010friendsorfoes,
address = {New York, NY, USA},
author = {Stonebraker, Michael and Abadi, Daniel and DeWitt, David J and Madden, Sam and Paulson, Erik and Pavlo, Andrew and Rasin, Alexander},
doi = {10.1145/1629175.1629197},
issn = {0001-0782},
journal = {Commun. ACM},
month = jan,
number = {1},
pages = {64--71},
publisher = {ACM},
title = {{MapReduce and Parallel DBMSs: Friends or Foes?}},
url = {http://doi.acm.org/10.1145/1629175.1629197},
volume = {53},
year = {2010}
}


@article{floratou2012can,
author = {Floratou, Avrilia and Teletia, Nikhil and DeWitt, David J and Patel, Jignesh M and Zhang, Donghui},
journal = {Proceedings of the VLDB Endowment},
number = {12},
pages = {1712--1723},
publisher = {VLDB Endowment},
title = {{Can the elephants handle the NoSQL onslaught?}},
volume = {5},
year = {2012}
}

@inproceedings{Stonebraker:2007:EAE:1325851.1325981,
author = {Stonebraker, Michael and Madden, Samuel and Abadi, Daniel J and Harizopoulos, Stavros and Hachem, Nabil and Helland, Pat},
booktitle = {Proceedings of the 33rd international conference on Very large data bases},
isbn = {978-1-59593-649-3},
pages = {1150--1160},
publisher = {VLDB Endowment},
series = {VLDB '07},
title = {{The end of an architectural era: (it's time for a complete rewrite)}},
year = {2007}
}


% PARALLEL DATABASES

@article{melnik2011dremel,
address = {New York, NY, USA},
annote = {implementation},
author = {Melnik, Sergey and Gubarev, Andrey and Long, Jing Jing and Romer, Geoffrey and Shivakumar, Shiva and Tolton, Matt and Vassilakis, Theo},
doi = {10.1145/1953122.1953148},
issn = {0001-0782},
journal = {Commun. ACM},
month = jun,
number = {6},
pages = {114--123},
publisher = {ACM},
title = {{Dremel: interactive analysis of web-scale datasets}},
url = {http://doi.acm.org/10.1145/1953122.1953148},
volume = {54},
year = {2011}
}

% MAP REDUCE

% Hive: A Warehousing Solution over a Map-reduce Framework
@article{thusoo2009hive,
 author = {Thusoo, Ashish and Sarma, Joydeep Sen and Jain, Namit and Shao, Zheng and Chakka, Prasad and Anthony, Suresh and Liu, Hao and Wyckoff, Pete and Murthy, Raghotham},
 title = {Hive: A Warehousing Solution over a Map-reduce Framework},
 journal = {Proc. VLDB Endow.},
 issue_date = {August 2009},
 volume = {2},
 number = {2},
 month = aug,
 year = {2009},
 issn = {2150-8097},
 pages = {1626--1629},
 numpages = {4},
 url = {http://dl.acm.org/citation.cfm?id=1687553.1687609},
 acmid = {1687609},
 publisher = {VLDB Endowment},
}

% Hive - a petabyte scale data warehouse using Hadoop
@inproceedings{thusoo2010hive,
author = {Thusoo, Ashish and Sarma, Joydeep Sen and Jain, Namit and Shao, Zheng and Chakka, Prasad and Zhang, Ning and Antony, Suresh and Liu, Hao and Murthy, Raghotham},
booktitle = {2010 IEEE 26th International Conference on Data Engineering (ICDE 2010)},
doi = {10.1109/ICDE.2010.5447738},
isbn = {978-1-4244-5445-7},
pages = {996--1005},
publisher = {Ieee},
title = {{Hive - a petabyte scale data warehouse using Hadoop}},
url = {http://ieeexplore.ieee.org/lpdocs/epic03/wrapper.htm?arnumber=5447738},
year = {2010}
}


% Apache Hadoop
@misc{apachehadoop,
  title = {Apache Hadoop},
  publisher = {Pearson Higher Education},
  author = {Apache Foundation},
  url = {http://hadoop.apache.org/}
}

@inproceedings{lattanzi2011filtering,
address = {New York, NY, USA},
author = {Lattanzi, Silvio and Moseley, Benjamin and Suri, Siddharth and Vassilvitskii, Sergei},
booktitle = {Proceedings of the Twenty-third Annual ACM Symposium on Parallelism in Algorithms and Architectures},
doi = {10.1145/1989493.1989505},
isbn = {978-1-4503-0743-7},
pages = {85--94},
publisher = {ACM},
series = {SPAA '11},
title = {{Filtering: A Method for Solving Graph Problems in MapReduce}},
url = {http://doi.acm.org/10.1145/1989493.1989505},
year = {2011}
}

% SPARQL Basic Graph Pattern Processing with Iterative MapReduce
@inproceedings{myung2010sparqlmapreduce,
 author = {Myung, Jaeseok and Yeon, Jongheum and Lee, Sang-goo},
 title = {SPARQL Basic Graph Pattern Processing with Iterative MapReduce},
 booktitle = {Proceedings of the 2010 Workshop on Massive Data Analytics on the Cloud},
 series = {MDAC '10},
 year = {2010},
 isbn = {978-1-60558-991-6},
 location = {Raleigh, North Carolina},
 pages = {6:1--6:6},
 articleno = {6},
 numpages = {6},
 url = {http://doi.acm.org/10.1145/1779599.1779605},
 doi = {10.1145/1779599.1779605},
 acmid = {1779605},
 publisher = {ACM},
 address = {New York, NY, USA},
 keywords = {MapReduce, RDF, SPARQL, basic graph pattern, cloud computing, data warehouse, query processing},
} 

% Twister: A Runtime for Iterative MapReduce
@inproceedings{ekanayake2010itermapreduce,
 author = {Ekanayake, Jaliya and Li, Hui and Zhang, Bingjing and Gunarathne, Thilina and Bae, Seung-Hee and Qiu, Judy and Fox, Geoffrey},
 title = {Twister: A Runtime for Iterative MapReduce},
 booktitle = {Proceedings of the 19th ACM International Symposium on High Performance Distributed Computing},
 series = {HPDC '10},
 year = {2010},
 isbn = {978-1-60558-942-8},
 location = {Chicago, Illinois},
 pages = {810--818},
 numpages = {9},
 url = {http://doi.acm.org/10.1145/1851476.1851593},
 doi = {10.1145/1851476.1851593},
 acmid = {1851593},
 publisher = {ACM},
 address = {New York, NY, USA},
 keywords = {MapReduce, cloud technologies, iterative algorithms},
} 

% HadoopDB: An Architectural Hybrid of MapReduce and DBMS Technologies for Analytical Workloads
@article{abouzeid2009hadoopdb,
author = {Abouzeid, Azza and Bajda-Pawlikowski, Kamil and Abadi, Daniel and Silberschatz, Avi and Rasin, Alexander},
issn = {2150-8097},
journal = {Proc. VLDB Endow.},
month = aug,
number = {1},
pages = {922--933},
publisher = {VLDB Endowment},
title = {{HadoopDB: An Architectural Hybrid of MapReduce and DBMS Technologies for Analytical Workloads}},
url = {http://dl.acm.org/citation.cfm?id=1687627.1687731},
volume = {2},
year = {2009}
}

% Processing Theta-joins Using MapReduce
@inproceedings{okcan2011mapreducejoin,
 author = {Okcan, Alper and Riedewald, Mirek},
 title = {Processing Theta-joins Using MapReduce},
 booktitle = {Proceedings of the 2011 ACM SIGMOD International Conference on Management of Data},
 series = {SIGMOD '11},
 year = {2011},
 isbn = {978-1-4503-0661-4},
 location = {Athens, Greece},
 pages = {949--960},
 numpages = {12},
 url = {http://doi.acm.org/10.1145/1989323.1989423},
 doi = {10.1145/1989323.1989423},
 acmid = {1989423},
 publisher = {ACM},
 address = {New York, NY, USA},
 keywords = {MapReduce, skew, theta join processing},
}

% FIX REFERENCE
% Hadoop GIS: A High Performance Spatial Data Warehousing System over Mapreduce
@article{aji2013HadoopGIS,
 author = {Aji, Ablimit and Wang, Fusheng and Vo, Hoang and Lee, Rubao and Liu, Qiaoling and Zhang, Xiaodong and Saltz, Joel},
 title = {Hadoop GIS: A High Performance Spatial Data Warehousing System over Mapreduce},
 journal = {Proc. VLDB Endow.},
 issue_date = {August 2013},
 volume = {6},
 number = {11},
 month = aug,
 year = {2013},
 issn = {2150-8097},
 pages = {1009--1020},
 numpages = {12},
 url = {http://dl.acm.org/citation.cfm?id=2536222.2536227},
 acmid = {2536227},
 publisher = {VLDB Endowment},
} 

@inproceedings{aji2012largespatial,
 author = {Aji, Ablimit and Wang, Fusheng},
 title = {High Performance Spatial Query Processing for Large Scale Scientific Data},
 booktitle = {Proceedings of the on SIGMOD/PODS 2012 PhD Symposium},
 series = {PhD '12},
 year = {2012},
 isbn = {978-1-4503-1326-1},
 location = {Scottsdale, Arizona, USA},
 pages = {9--14},
 numpages = {6},
 url = {http://doi.acm.org/10.1145/2213598.2213603},
 doi = {10.1145/2213598.2213603},
 acmid = {2213603},
 publisher = {ACM},
 address = {New York, NY, USA},
 keywords = {analytical imaging, mapreduce, scientific data management, spatial query processing},
} 


@inproceedings{floratou2011columnmapreduce,
author = {Floratou, Avrilia and Madison, Wisconsin and Patel, Jignesh M and Shekita, Eugene J},
booktitle = {VLDB},
pages = {419--429},
title = {{Column-Oriented Storage Techniques for MapReduce}},
year = {2011}
}

% Automatic Optimization for MapReduce Programs
@article{jahani2011mapreduceoptimization,
author = {Jahani, Eaman and Cafarella, Michael J and R\'{e}, Christopher},
issn = {2150-8097},
journal = {Proc. VLDB Endow.},
month = mar,
number = {6},
pages = {385--396},
publisher = {VLDB Endowment},
title = {{Automatic Optimization for MapReduce Programs}},
url = {http://dl.acm.org/citation.cfm?id=1978665.1978670},
volume = {4},
year = {2011}
}



@inproceedings{zhang2009mapreduce, 
author={Shubin Zhang and Jizhong Han and Zhiyong Liu and Kai Wang and Zhiyong Xu}, 
booktitle={Cluster Computing and Workshops, 2009. CLUSTER '09. IEEE International Conference on}, 
publisher = {IEEE},
title={{SJMR: Parallelizing spatial join with MapReduce on clusters}}, 
year={2009}, 
month={Aug}, 
pages={1-8}, 
ISSN={1552-5244}
}


@incollection{cary2009experiences,
year={2009},
isbn={978-3-642-02278-4},
booktitle={Scientific and Statistical Database Management},
volume={5566},
series={Lecture Notes in Computer Science},
editor={Winslett, Marianne},
doi={10.1007/978-3-642-02279-1_24},
title={Experiences on Processing Spatial Data with MapReduce},
url={http://dx.doi.org/10.1007/978-3-642-02279-1_24},
publisher={Springer Berlin Heidelberg},
author={Cary, Ariel and Sun, Zhengguo and Hristidis, Vagelis and Rishe, Naphtali},
pages={302-319}
}

@inproceedings{wang2010mapreduce, 
author={Kai Wang and Jizhong Han and Bibo Tu and Jiao Dai and Wei Zhou and Xuan Song}, 
booktitle={Parallel and Distributed Systems (ICPADS), 2010 IEEE 16th International Conference on}, 
title={Accelerating Spatial Data Processing with MapReduce}, 
year={2010}, 
publisher = {IEEE},
month={Dec}, 
pages={229-236}, 
doi={10.1109/ICPADS.2010.76}, 
ISSN={1521-9097},
}

@article{dean2009designs,
  title={Designs, lessons and advice from building large distributed systems},
  author={Dean, Jeff},
  journal={Keynote from LADIS},
  year={2009}
}

@inproceedings{eldawy2014pigeon,
author = {Eldawy, Ahmed and Mokbel, Mohamed F},
publisher = {IEEE},
title = {Pigeon: A Spatial MapReduce Language},
booktitle = {ICDE},
year = {2014}
}

@inproceedings{olston2008pig,
author = {Olston, Christopher and Reed, Benjamin and Srivastava, U and Kumar, Ravi},
booktitle = {Proceedings of the 2008 ACM SIGMOD international conference on Management of data},
publisher = {ACM},
isbn = {9781605581026},
pages = {1099--1110},
title = {{Pig latin: a not-so-foreign language for data processing}},
url = {http://dl.acm.org/citation.cfm?id=1376726},
year = {2008}
}

@inproceedings{he2008mapreducegpu,
address = {New York, NY, USA},
author = {He, Bingsheng and Fang, Wenbin and Luo, Qiong and Govindaraju, Naga K and Wang, Tuyong},
booktitle = {Proceedings of the 17th International Conference on Parallel Architectures and Compilation Techniques},
doi = {10.1145/1454115.1454152},
isbn = {978-1-60558-282-5},
pages = {260--269},
publisher = {ACM},
series = {PACT '08},
title = {{Mars: A MapReduce Framework on Graphics Processors}},
url = {http://doi.acm.org/10.1145/1454115.1454152},
year = {2008}
}

@inproceedings{ranger2007multicore, 
author={Ranger, C. and Raghuraman, R. and Penmetsa, A. and Bradski, G. and Kozyrakis, C.}, 
booktitle={High Performance Computer Architecture, 2007. HPCA 2007. IEEE 13th International Symposium on}, 
title={Evaluating MapReduce for Multi-core and Multiprocessor Systems}, 
year={2007}, 
month={Feb}, 
pages={13-24}, 
}


% Query Languages, especially spatial ones
% 
% - Pig/Pigeon, SQL, HiveQL, CQL, CVL, 
% - CVL
% - CVL 2
% - Kristian Bruun
% - 



% MATH RELEVANT TO GENERALIZATION

@article{kennedy2006compact,
  title={Compact packings of the plane with two sizes of discs},
  author={Kennedy, Tom},
  journal={Discrete \& Computational Geometry},
  volume={35},
  number={2},
  pages={255--267},
  year={2006},
  publisher={Springer}
}

@article{alimonti2000some,
title={Some APX-completeness results for cubic graphs},
author={Alimonti, Paola and Kann, Viggo},
journal={Theoretical Computer Science},
volume={237},
number={1},
pages={123--134},
year={2000},
publisher={Elsevier}
}

@article{garey1977rectilinear,
title={The Rectilinear Steiner Tree Problem is NP-complete},
author={Garey, Michael R and Johnson, David S.},
journal={SIAM Journal on Applied Mathematics},
volume={32},
number={4},
pages={826--834},
year={1977},
publisher={SIAM}
}

@book{vazirani2001approximation,
author = {Vazirani, Vijay V.},
 title = {Approximation algorithms},
 year = {2001},
 isbn = {3-540-65367-8},
 publisher = {Springer-Verlag New York, Inc.},
 address = {New York, NY, USA},
 }
 
@article{rajagopalan1998primal,
title={Primal-dual {RNC} approximation algorithms for set cover and covering integer programs},
author={Rajagopalan, Sridhar and Vazirani, Vijay V},
journal={SIAM Journal on Computing},
volume={28},
number={2},
pages={525--540},
year={1998},
publisher={SIAM}
}

% SPATIAL INDEXING

@article{dutton1999hierarchical,
  title={A hierarchical coordinate system for geoprocessing and cartography},
  author={Dutton, Geoffrey H},
  journal={Lecture Notes in Earth Sciences, Berlin Springer Verlag},
  volume={79},
  year={1999}
}


% SPATIAL QUERY PREDICTION





% GENERALIZATION

% constraint based generalization
@article{harrie2007modelling,
title={Modelling the overall process of generalisation},
author={Harrie, Lars and Weibel, Robert},
journal={Generalisation of geographic information: cartographic modelling and applications},
pages={67--88},
year={2007},
publisher={Elsevier}
}

% Ladder/star approach
@article{foerster2010challenges,
title={Challenges for automated generalisation at European mapping agencies: a qualitative and quantitative analysis},
author={Foerster, Theodor and Stoter, Jantien and Kraak, Menno-Jan},
journal={Cartographic Journal, The},
volume={47},
number={1},
pages={41--54},
year={2010},
publisher={Maney Publishing}
}


@inproceedings{kefaloukos2014declarative,
title={Declarative Cartography: In-Database Map Generalization of Geospatial Datasets},
author={Kefaloukos, Pimin Konstantin and Salles, Marcos Vaz and Zachariasen, Martin},
organization = {IEEE},
year = {2014},
booktitle = {ICDE}
}

@inproceedings{kefaloukos2014declarative,
author = {Kefaloukos, Pimin Kefaloukos and {Vaz Salles}, Marcos and Zachariasen, Martin},
booktitle = {SIGMOD},
isbn = {9781450312479},
organization = {ACM},
pages = {193--204},
publisher = {ACM},
title = {{Efficient Spatial Sampling of Large Geographical Tables}},
year = {2012}
}

@inproceedings{sarma2012fusiontables,
author = {{Das Sarma}, Anish and Lee, Hongrae and Gonzalez, Hector and Madhavan, Jayant and Halevy, Alon},
booktitle = {SIGMOD},
isbn = {9781450312479},
organization = {ACM},
pages = {193--204},
publisher = {ACM},
title = {{Efficient Spatial Sampling of Large Geographical Tables}},
year = {2012}
}

@article{harrie1999constraint,
author = {Harrie, Lars},
doi = {10.1559/152304099782424884},
issn = {1523-0406},
journal = {Cartography and Geographic Information Science},
month = jan,
number = {1},
pages = {55--69},
publisher = {Taylor \& Francis},
title = {{The constraint method for solving spatial conflicts in cartographic generalization}},
url = {http://www.tandfonline.com/doi/abs/10.1559/152304099782424884},
volume = {26},
year = {1999}
}

@inproceedings{foerster2007towards,
title={Towards a formal classification of generalization operators},
author={Foerster, Theodor and Stoter, Jantien and Kobben, B},
booktitle={Proceedings of the 23rd International Cartographic Conference},
year={2007}
}

@inproceedings{shahaf2013informationcartography,
address = {New York, NY, USA},
author = {Shahaf, Dafna and Yang, Jaewon and Suen, Caroline and Jacobs, Jeff and Wang, Heidi and Leskovec, Jure},
booktitle = {Proceedings of the 19th ACM SIGKDD International Conference on Knowledge Discovery and Data Mining},
doi = {10.1145/2487575.2487690},
isbn = {978-1-4503-2174-7},
pages = {1097--1105},
publisher = {ACM},
series = {KDD '13},
title = {{Information Cartography: Creating Zoomable, Large-scale Maps of Information}},
url = {http://doi.acm.org/10.1145/2487575.2487690},
year = {2013}
}

% FIX REFERENCE
@article{weibel1999generalising,
author = {Weibel, Robert and Dutton, Geoffrey},
journal = {Geographical information systems},
pages = {125--155},
publisher = {Wiley New York},
title = {{Generalising spatial data and dealing with multiple representations}},
volume = {1},
year = {1999}
}

@article{bereuter2013real,
  title={Real-time generalization of point data in mobile and web mapping using quadtrees},
  author={Bereuter, Pia and Weibel, Robert},
  journal={Cartography and Geographic Information Science},
  volume={40},
  number={4},
  pages={271--281},
  year={2013},
  publisher={Taylor \& Francis}
}

@inproceedings{van1990reactive,
  title={Reactive data structures for geographic information systems},
  author={van Oosterom, Peter},
  booktitle={Auto-Carto},
  volume={9},
  pages={665--674},
  year={1990}
}

@inproceedings{haunert2006landcover,
address = {New York, NY, USA},
author = {Haunert, Jan-Henrik and Wolff, Alexander},
booktitle = {Proceedings of the 14th annual ACM international symposium on Advances in geographic information systems},
doi = {10.1145/1183471.1183485},
isbn = {1-59593-529-0},
pages = {75--82},
publisher = {ACM},
series = {GIS '06},
title = {{Generalization of land cover maps by mixed integer programming}},
url = {http://doi.acm.org/10.1145/1183471.1183485},
year = {2006}
}

@inproceedings{nutanong2012multiresolution,
author = {Nutanong, Sarana and Adelfio, Marco D and Samet, Hanan},
booktitle = {Proceedings of the 20th International Conference on Advances in Geographic Information Systems},
organization = {ACM},
pages = {159--168},
title = {{Multiresolution select-distinct queries on large geographic point sets}},
year = {2012}
}

@article{van1995gap,
author = {van Oosterom, Peter and Oosterom, Peter Van},
journal = {GIS and Generalization: Methodology and Practise. Taylor \& Francis, London},
number = {December},
pages = {120--132},
title = {{The GAP-tree, an approach to Ôon-the-flyÕmap generalization of an area partitioning}},
year = {1995}
}

@inproceedings{schmid2013opensciencemap,
author = {Schmid, Falko and Janetzek, Hannes},
booktitle = {Proceedings of 26th International Cartographic Conference},
title = {{A Method for High-Level Street Network Extraction of OpenStreetMap Data in OpenScienceMap}},
year = {2013}
}

@article{de2004simplifying,
  title={On simplifying dot maps},
  author={De Berg, Mark and Bose, Prosenjit and Cheong, Otfried and Morin, Pat},
  journal={Computational Geometry},
  volume={27},
  number={1},
  pages={43--62},
  year={2004},
  publisher={Elsevier}
}


% (MULTI-SCALE AND SINGLE-SCALE) DATA ABSTRACTION OUTSIDE GEOGRAPHY

@inproceedings{yan2011timelines,
address = {New York, NY, USA},
author = {Yan, Rui and Wan, Xiaojun and Otterbacher, Jahna and Kong, Liang and Li, Xiaoming and Zhang, Yan},
booktitle = {Proceedings of the 34th International ACM SIGIR Conference on Research and Development in Information Retrieval},
doi = {10.1145/2009916.2010016},
isbn = {978-1-4503-0757-4},
pages = {745--754},
publisher = {ACM},
series = {SIGIR '11},
title = {{Evolutionary Timeline Summarization: A Balanced Optimization Framework via Iterative Substitution}},
url = {http://doi.acm.org/10.1145/2009916.2010016},
year = {2011}
}


@article{stolte2003multiscale,
author = {Stolte, Chris and Tang, Diane and Hanrahan, Pat},
doi = {10.1109/TVCG.2003.1196005},
issn = {1077-2626},
journal = {Visualization and Computer Graphics, IEEE Transactions on},
month = apr,
number = {2},
pages = {176--187},
publisher = {IEEE},
title = {{Multiscale visualization using data cubes}},
url = {http://ieeexplore.ieee.org/lpdocs/epic03/wrapper.htm?arnumber=1196005},
volume = {9},
year = {2003}
}

@article{stolte2002polaris,
author = {Stolte, Chris and Tang, Diane and Hanrahan, Pat},
journal = {Visualization and Computer Graphics, IEEE Transactions on},
number = {1},
pages = {52--65},
publisher = {IEEE},
title = {{Polaris: A system for query, analysis, and visualization of multidimensional relational databases}},
volume = {8},
year = {2002}
}

@article{gansner2005topological,
author = {Gansner, Emden R and Koren, Yehuda and North, Stephen C},
doi = {10.1109/TVCG.2005.66},
issn = {1077-2626},
journal = {Visualization and Computer Graphics, IEEE Transactions on},
number = {4},
pages = {457--468},
pmid = {16138555},
publisher = {IEEE},
title = {{Topological fisheye views for visualizing large graphs}},
url = {http://www.ncbi.nlm.nih.gov/pubmed/16138555},
volume = {11},
year = {2005}
}

% MOTIVATION
 
% why we need programmable methods
@article{rieger1993consensus,
author = {Rieger, Monika K and Coulson, Michael R C},
journal = {Cartographica: The International Journal for Geographic Information and Geovisualization},
number = {2},
pages = {69--80},
publisher = {UT Press},
title = {{Consensus or Confusion: {Cartographers'} Knowledge of Generalization}},
volume = {30},
year = {1993}
}

@article{morton2014support,
title={Support the Data Enthusiast: Challenges for Next-Generation Data-Analysis Systems},
author={Morton, Kristi and Balazinska, Magdalena and Grossman, Dan and Mackinlay, Jock},
journal={Proceedings of the VLDB Endowment},
volume={7},
number={6},
year={2014}
}

@article{meliou2011reverse,
author = {Meliou, Alexandra and Gatterbauer, Wolfgang and Suciu, Dan},
journal = {Proc. VLDB Endowment},
number = {12},
title = {{Reverse data management}},
volume = {4},
year = {2011}
}

@article{lomet2012warstories,
author = {Lomet, David},
journal = {Database Engineering Bulletin},
number = {2},
title = {{Special Issue on Big DataWar Stories}},
volume = {35},
year = {2012}
}

@inproceedings{agrawal2012bigdata,
author = {Agrawal, Divyakant and Bernstein, Philip and Bertino, Elisa and Davidson, Susan and Dayal, Umeshwar and Franklin, Michael and Gehrke, Johannes and Haas, Laura and Halevy, Alon and Han, Jiawei and Others},
booktitle = {A community white paper developed by leading researches across the United States},
title = {{Challenges and Opportunities with Big Data}},
year = {2012}
}

@inproceedings{cohen2011journalism,
author = {Cohen, Sarah},
booktitle = {Proc. Fifth Biennial Conference on Innovative Data Systems Research, CIDR 2011},
pages = {148--151},
title = {Computational Journalism: {A} Call to Arms to Database Researchers},
year = {2011}
}

@inproceedings{sankaranarayanan2009twitterstand,
author = {Sankaranarayanan, Jagan and Samet, Hanan and Teitler, Benjamin E and Lieberman, Michael D and Sperling, Jon},
booktitle = {Proc. 17th ACM SIGSPATIAL International Conference on Advances in Geographic Information Systems},
isbn = {9781605586496},
organization = {ACM},
pages = {42--51},
title = {{Twitterstand: news in tweets}},
year = {2009}
}

@inproceedings{samet2012duking,
author = {Samet, Hanan and Fruin, Brendan C and Nutanong, Sarana},
booktitle = {Proc. First ACM SIGSPATIAL International Workshop on Mobile Geographic Information Systems},
organization = {ACM},
pages = {41--48},
title = {{Duking it out at the smartphone mobile app mapping api corral: {Apple}, {Google}, and the competition}},
year = {2012}
}

% DECLARATIVE CARTOGRAPHY: RELATED WORK

% recommended by Weibel
@book{tomlin1990map,
title={A map algebra},
author={Tomlin, C Dana},
year={1990},
publisher={Harvard Graduate School of Design}
}

% MAP AND VISUALIZATION PRINCIPLES

@inproceedings{woodruff1998constant,
address = {New York, NY, USA},
author = {Woodruff, Allison and Landay, James and Stonebraker, Michael},
booktitle = {Proceedings of the working conference on Advanced visual interfaces},
doi = {10.1145/948496.948505},
pages = {57--65},
publisher = {ACM},
series = {AVI '98},
title = {{Constant information density in zoomable interfaces}},
url = {http://doi.acm.org/10.1145/948496.948505},
year = {1998}
}

@article{topfer1966principles,
author = {T\"{o}pfer, Friedrich and Pillewizer, Wolfgang},
journal = {Cartographic Journal, The},
number = {1},
pages = {10--16},
publisher = {Maney Publishing},
title = {{The principles of selection}},
volume = {3},
year = {1966}
}

@article{jacques1967semiologie,
  title={S{\'e}miologie graphique},
  author={Jacques, Bertin},
  journal={Paris: Mouton, 1966, 432p},
  year={1967}
}

@phdthesis{nickerson1994visual,
  title={Visual programming},
  author={Nickerson, Jeffrey Vernon},
  year={1994},
  school={New York University}
}

@book{tufte1983visual,
  title={The visual display of quantitative information},
  author={Tufte, Edward R and Graves-Morris, PR},
  volume={2},
  year={1983},
  publisher={Graphics press Cheshire, CT}
}

% CARTOGRAPHY BACKGROUND

@book{robinson1982early,
  title={Early thematic mapping in the history of cartography},
  author={Robinson, Arthur H},
  year={1982},
  publisher={University of Chicago Press Chicago}
}

@book{harley1987cartography,
  title={Vol. 1: Cartography in prehistoric, ancient, and medieval Europe and the Mediterranean},
  author={Harley, JB and Woodward, D},
  year={1987},
  publisher={Chicago: University of Chicago Press}
}

% CLOUD COMPUTING

@article{armbrust2010view,
author = {Armbrust, Michael and Fox, Armando and Griffith, Rean and Joseph, Anthony D and Katz, Randy and Konwinski, Andy and Lee, Gunho and Patterson, David and Rabkin, Ariel and Stoica, Ion and Others and Armbrust, By},
journal = {Communications of the ACM},
number = {4},
pages = {50--58},
publisher = {ACM},
title = {{A view of cloud computing}},
volume = {53},
year = {2010}
}


%%% FROM CVL



% TRADITIONAL GENERALIZATION

@misc{sld,
  author = {Open Geospatial Consortium},
  title = {{Styled Layer Descriptor}},
  howpublished = "\url{http://www.opengeospatial.org/standards/sld}",
  year = {2007}, 
  note = "[Online; accessed 18-July-2013]"
}

@misc{mapnik,
author = {Artem Pavlenko},
title = {{Mapnik}},
howpublished = "\url{http://mapnik.org/}",
year = {2011}, 
note = "[Online; accessed 18-July-2013]"
}

@article{gruenreich1985cag,
author = {Gruenreich, Dietmar},
journal = {Papers CERCO Cartography course},
title = {{Computer-Assisted Generalisation}},
year = {1985}
}

@article{brassel1988generalization,
author = {Brassel, Kurt E and Weibel, Robert},
doi = {10.1080/02693798808927898},
journal = {International journal of geographical information systems},
number = {3},
pages = {229--244},
title = {{A review and conceptual framework of automated map generalization}},
url = {http://www.tandfonline.com/doi/abs/10.1080/02693798808927898},
volume = {2},
year = {1988}
}

@book{international73multilingual,
title={Multilingual dictionary of technical terms in cartography},
author={International Cartographic Association. Commission Definition, Classification and Standardization of Technical Terms in Cartography},
year={1973},
publisher={Steiner}
}

@inproceedings{regnauld2006improving,
author = {Regnauld, Nicolas},
booktitle = {Proceedings of ISPRS workshop: multiple representation and interoperability of spatial data},
pages = {1--5},
title = {{Improving efficiency for developing automatic generalisation solutions}},
year = {2006}
}

% FIX REFERENCE
@misc{bono2013factivism,
author = {Dan Gillmor},
title = {{'Factivism' for every field: why {Bono} is right to want more data and evidence}},
howpublished = "\url{http://www.guardian.co.uk/commentisfree/2013/feb/28/bono-ted-talk-facktivist-is-way-forward}",
year = {2013}, 
note = "The Guardian. [Online; accessed 9-April-2013]"
}

@article{ordonez10udf, 
author={Ordonez, C.}, 
journal={Knowledge and Data Engineering, IEEE Transactions on}, 
title={Statistical Model Computation with {UDFs}}, 
year={2010}, 
volume={22}, 
number={12}, 
pages={1752-1765}, 
doi={10.1109/TKDE.2010.44}, 
ISSN={1041-4347},}

@article{hellerstein12madlib,
 author = {Hellerstein, Joseph M. and R{\'e}, Christoper and Schoppmann, Florian and Wang, Daisy Zhe and Fratkin, Eugene and Gorajek, Aleksander and Ng, Kee Siong and Welton, Caleb and Feng, Xixuan and Li, Kun and Kumar, Arun},
 title = {The {MADlib} analytics library: or {MAD} skills, the {SQL}},
 journal = {Proc. VLDB Endow.},
 issue_date = {August 2012},
 volume = {5},
 number = {12},
 month = aug,
 year = {2012},
 issn = {2150-8097},
 pages = {1700--1711},
 numpages = {12},
 url = {http://dl.acm.org/citation.cfm?id=2367502.2367510},
 acmid = {2367510},
 publisher = {VLDB Endowment},
} 

@article{gaffuri12vectortiles,
author = {Gaffuri, Julien},
journal = {Geographic Information Science},
pages = {87--101},
publisher = {Springer},
title = {{Toward Web Mapping with Vector Data}},
year = {2012}
}


@article{hilbert1891ueber,
author = {Hilbert, David},
journal = {Mathematische Annalen},
pages = {459--460},
title = {{\"{U}ber die stetige Abbildung einer Linie auf ein Fl\"{a}chenst\"{u}ck}},
volume = {38},
year = {1891}
}

@article{ware2003generalization_sa,
annote = {Automated map generalization with multiple operators: a simulated annealing approach},
author = {Ware, J. Mark and Jones, Christopher B. and Thomas, Nathan},
isbn = {1365881031000},
issn = {1365-8816},
journal = {International Journal of Geographical Information Science},
month = dec,
number = {8},
pages = {743--769},
title = {{Automated map generalization with multiple operators: a simulated annealing approach}},
url = {http://www.tandfonline.com/doi/abs/10.1080/13658810310001596085},
volume = {17},
year = {2003}
}

@phdthesis{schmid2008automated,
author = {Schmid, Stefan and Of, Valuation},
number = {June},
school = {Geographisches Institut der Universit\{\"{a}\}t Z\{\"{u}\}rich},
title = {{Automated constraint-based evaluation of cartographic generalization solutions}},
year = {2008}
}

@phdthesis{cecconi2003integration,
author = {Cecconi, Alessandro},
school = {Universit\{\"{a}\}t Z\{\"{u}\}rich},
title = {{Integration of cartographic generalization and multi-scale databases for enhanced web mapping}},
year = {2003}
}

% FIX REFERENCE
@inproceedings{boncz2005pathfinder,
author = {Boncz, Peter and Grust, Torsten and van Keulen, Maurice and Manegold, Stefan and Rittinger, Jan and Teubner, Jens},
title = {Pathfinder: {XQuery} --- the relational way},
booktitle = {Proc. 31st international conference on Very large data bases},
series = {VLDB '05},
year = {2005},
isbn = {1-59593-154-6},
location = {Trondheim, Norway},
pages = {1322--1325},
numpages = {4},
url = {http://dl.acm.org/citation.cfm?id=1083592.1083764},
publisher = {VLDB Endowment}}
} 

% FIX REFERENCE
@inproceedings{grust2009ferry,
author = {Grust, Torsten and Mayr, Manuel and Rittinger, Jan and Schreiber, Tom},
title = {{FERRY:} database-supported program execution},
booktitle = {Proc. 2009 ACM SIGMOD International Conference on Management of data},
series = {SIGMOD '09},
year = {2009},
isbn = {978-1-60558-551-2},
location = {Providence, Rhode Island, USA},
pages = {1063--1066},
numpages = {4},
url = {http://doi.acm.org/10.1145/1559845.1559982},
doi = {10.1145/1559845.1559982},
publisher = {ACM},
address = {New York, NY, USA},
} 

% FIX REFERENCE
@inproceedings{guttman1984rtree,
author = {Guttman, Antonin},
title = {R-trees: a dynamic index structure for spatial searching},
booktitle = {Proc. 1984 ACM SIGMOD international conference on Management of data},
series = {SIGMOD '84},
year = {1984},
pages = {47--57},
publisher = {ACM}
} 

% FIX REFERENCE
@inproceedings{hellerstein1995gist,
author = {Hellerstein, Joseph M. and Naughton, Jeffrey F. and Pfeffer, Avi},
title = {Generalized Search Trees for Database Systems},
booktitle = {Proc. 21th International Conference on Very Large Data Bases},
series = {VLDB '95},
year = {1995},
pages = {562--573}}
} 

% FIX REFERENCE
@inproceedings{blakeley2008dotnet,
 author = {Blakeley, Jos{\'e} A. and Rao, Vineet and Kunen, Isaac and Prout, Adam and Henaire, Mat and Kleinerman, Christian},
 title = {{.NET} database programmability and extensibility in {Microsoft SQL} server},
 booktitle = {Proc. 2008 ACM SIGMOD international conference on Management of data},
 series = {SIGMOD '08},
 year = {2008},
 pages = {1087--1098},
 publisher = {ACM}
} 

% FIX REFERENCE
@inproceedings{ordonez2007udf,
 author = {Ordonez, Carlos},
 title = {Building statistical models and scoring with {UDFs}},
 booktitle = {Proc. 2007 ACM SIGMOD international conference on Management of data},
 series = {SIGMOD '07},
 year = {2007},
 pages = {1005--1016},
 publisher = {ACM}}
} 

% FIX REFERENCE
@article{liu2012cologne,
 author = {Liu, Changbin and Ren, Lu and Loo, Boon Thau and Mao, Yun and Basu, Prithwish},
 title = {Cologne: a declarative distributed constraint optimization platform},
 journal = {Proc. VLDB Endow.},
 volume = {5},
 number = {8},
 year = {2012},
 pages = {752--763}
} 

% FIX REFERENCE ???
@inproceedings{aji2012hadoopspatial,
 author = {Aji, Ablimit and Wang, Fusheng and Saltz, Joel H.},
 title = {Towards building a high performance spatial query system for large scale medical imaging data},
 booktitle = {Proc. 20th International Conference on Advances in Geographic Information Systems},
 series = {SIGSPATIAL '12},
 year = {2012},
 pages = {309--318},
 publisher = {ACM}
} 

% FIX REFERENCE
@inproceedings{arasu2009dedupalog,
author = {Arasu, Arvind and Re, Christopher and Suciu, Dan},
title = {Large-Scale Deduplication with Constraints Using {Dedupalog}},
booktitle ={Proc. 2009 International Conference on Data Engineering, ICDE'09},
year = {2009},
pages = {952-963}
}

% FIX REFERENCE
@inproceedings{binnig2007reverseqp,
author = {Binnig, Carsten and Kossmann, Donald and Lo, Eric},
title = {Reverse Query Processing},
booktitle = {Proc. 2007 IEEE International Conference on Data Engineering, ICDE'07},
year = {2007},
pages = {506-515}
} 

% FIX REFERENCE
@inproceedings{binnig2007symbolicqp,
author = {Binnig, Carsten and Kossmann, Donald and Lo, Eric and \"{O}zsu, M. Tamer},
title = {{QAGen:} generating query-aware test databases},
booktitle = {Proc. 2007 ACM SIGMOD international conference on Management of data},
series = {SIGMOD '07},
year = {2007},
pages = {341--352},
publisher = {ACM}
} 

@article{gruenreich1992atkis,
author = {Gruenreich, Dietmar},
journal = {From Digital Map Series to Geo-Information Systems, Geologisches Jarhrbuch Series A. Hannover, Germany: Federal Institute of Geosciences and Resources},
title = {{ATKIS --- a topographic information system as a basis for GIS and digital cartography in Germany}},
year = {1992}
}

@inproceedings{shea1989cartographic,
author = {Shea, K Stuart and McMaster, Robert B},
booktitle = {Proceedings for Auto-Carto},
pages = {56--67},
title = {{Cartographic generalization in a digital environment: When and how to generalize}},
volume = {9},
year = {1989}
}

@article{foerster2008classification,
author = {Foerster, Theodor and Morales, Javier and Stoter, J E},
journal = {Proc. 6th Geographic Information Days},
pages = {141--156},
title = {{A classification of generalisation operators formalised in OCL}},
volume = {32},
year = {2008}
}

@article{frank1994multiscaletree,
annote = {background: visual clutter},
author = {Frank, Andrew U. and Timpf, Sabine},
journal = {Computers and Graphics},
number = {6},
pages = {823--829},
title = {{Multiple representations for cartographic objects in a multi-scale tree - an intelligent graphical zoom.}},
volume = {18},
year = {1994}
}

% FIX REFERENCE
@article{hellerstein2012madlib,
 author = {Hellerstein, Joseph M. and R{\'e}, Christoper and Schoppmann, Florian and Wang, Daisy Zhe and Fratkin, Eugene and Gorajek, Aleksander and Ng, Kee Siong and Welton, Caleb and Feng, Xixuan and Li, Kun and Kumar, Arun},
 title = {{The MADlib analytics library: or MAD skills, the SQL}},
 journal = {Proc. VLDB Endow.},
 volume = {5},
 number = {12},
 year = {2012},
 pages = {1700--1711}
} 








