% Generalization in general

@article{weibel1999generalising,
author = {Weibel, Robert and Dutton, Geoffrey},
journal = {Geographical information systems},
pages = {125--155},
publisher = {Wiley New York},
title = {{Generalising spatial data and dealing with multiple representations}},
volume = {1},
year = {1999}
}


% Ladder/star approach

@article{foerster2010challenges,
  title={Challenges for automated generalisation at European mapping agencies: a qualitative and quantitative analysis},
  author={Foerster, Theodor and Stoter, Jantien and Kraak, Menno-Jan},
  journal={Cartographic Journal, The},
  volume={47},
  number={1},
  pages={41--54},
  year={2010},
  publisher={Maney Publishing}
}

% Constraints

@article{harrie2007modelling,
  title={Modelling the overall process of generalisation},
  author={Harrie, Lars and Weibel, Robert},
  journal={Generalisation of geographic information: cartographic modelling and applications},
  pages={67--88},
  year={2007},
  publisher={Elsevier}
}

@article{harrie1999constraint,
author = {Harrie, Lars},
issn = {1523-0406},
journal = {Cartography and Geographic Information Science},
month = jan,
number = {1},
pages = {55--69},
publisher = {Taylor \& Francis},
title = {{The constraint method for solving spatial conflicts in cartographic generalization}},
volume = {26},
year = {1999}
}


@article{beard1991constraints,
  title={Constraints on rule formation},
  author={Beard, Kate},
  journal={Map generalization: making rules for knowledge representation},
  pages={121--135},
  year={1991},
  publisher={New York: Wiley}
}

@phdthesis{schmid2008automated,
author = {Schmid, Stefan},
number = {June},
school = {Geographisches Institut der Universit\{\"{a}\}t Z\{\"{u}\}rich},
title = {{Automated constraint-based evaluation of cartographic generalization solutions}},
year = {2008}
}

% Hardness

@article{alimonti2000some,
  title={Some APX-completeness results for cubic graphs},
  author={Alimonti, Paola and Kann, Viggo},
  journal={Theoretical Computer Science},
  volume={237},
  number={1},
  pages={123--134},
  year={2000},
  publisher={Elsevier}
}

@article{garey1977rectilinear,
  title={The Rectilinear Steiner Tree Problem is NP-complete},
  author={Garey, Michael R and Johnson, David S.},
  journal={SIAM Journal on Applied Mathematics},
  volume={32},
  number={4},
  pages={826--834},
  year={1977},
  publisher={SIAM}
}